@Comment{Websites and Projects}

@misc{amazon-s3,
title = "Amazon S3",
howpublished = {\url{http://aws.amazon.com/s3/}}
}

@misc{cumulus4j,
title = "Cumulus4j",
howpublished = {\url{http://www.cumulus4j.org/}}
}

@misc{dm-crypt,
title = "dm-crypt",
howpublished = {\url{https://code.google.com/p/cryptsetup/wiki/DMCrypt}}
}

@misc{dropbox,
title = "Dropbox",
howpublished = {\url{https://www.dropbox.com/}}
}

@misc{google-drive,
title = "Google Drive",
howpublished = {\url{http://www.google.com/drive/about.html}}
}

@misc{eCryptfs,
title = "eCryptfs",
howpublished = {\url{http://ecryptfs.org/}}
}

@misc{gnupg,
title = "GnuPG",
howpublished = {\url{http://www.gnupg.org/}}
}

@misc{lastpass,
title = "LastPass",
howpublished = {\url{https://lastpass.com/}}
}

@misc{linux-pam,
title = "Linux PAM",
howpublished = {\url{http://www.linux-pam.org/}}
}

@misc{luks,
title = "LUKS",
howpublished = {\url{https://code.google.com/p/cryptsetup/}}
}

@misc{onepassword,
title = "1Password",
howpublished = {\url{https://agilebits.com/onepassword}}
}

@misc{openpgp,
title = "OpenPGP",
howpublished = {\url{http://www.openpgp.org/}}
}

@misc{sayler-os-encfs,
author = {Sayler, Andy and Ahn, Junho and Han, Richard},
title = "OS Programming Assignment: An Encrypted Filesystem",
howpublished = {\url{https://github.com/asayler/CU-CS3753-PA5}}
}

@Comment{News}

@article{GreenwaldPrism,
author = {Greenwald, Glenn and MacAskill, Ewen},
journal = {The Guardian},
title = {NSA Prism program taps in to user data of Apple, Google, and others},
url = {http://www.theguardian.com/world/2013/jun/06/us-tech-giants-nsa-data},
year = {2013}
}

@Comment{Publications}

@article{Geambasu2011,
author = {Geambasu, Roxana and John, JP and Gribble, SD},
isbn = {9781450306348},
journal = {Proceedings of the sixth conference on Computer systems},
pages = {1--15},
title = {Keypad: an auditing file system for theft-prone devices},
url = {http://dl.acm.org/ft\_gateway.cfm?id=1966447\&type=pdf},
year = {2011}
}

@techreport{Halcrow,
author = {Halcrow, Michael Austin},
booktitle = {International Business},
institution = {International Business Machines},
title = "eCryptfs: An Enterprise-class Cryptographic Filesystem for Linux"
}

@article{Hulsebosch2005,
author = {Hulsebosch, RJ and Salden, AH},
isbn = {1595930450},
journal = {Proceedings of the 10th ACM Symposium on Access Control Models and Technologies},
pages = {111--119},
title = "Context sensitive access control",
url = {http://dl.acm.org/citation.cfm?id=1064000},
year = {2005}
}

@article{Kallahalla2003,
author = {Kallahalla, M and Riedel, E},
journal = {Proceedings of the 2nd USENIX Conference on File and Storage Technologies},
pages = {29--42},
title = {{Plutus: Scalable secure file sharing on untrusted storage}},
url = {https://www.usenix.org/legacyurl/plutus-scalable-secure-file-sharing-untrusted-storage},
year = {2003}
}

@article{Kher2005,
author = {Kher, Vishal and Kim, Yongdae},
journal = {Proceedings of the 2005 ACM workshop on Storage security and survivability},
pages = {9--25},
title = "Securing distributed storage: Challenges, techniques, and systems",
url = {http://dl.acm.org/citation.cfm?id=1103783},
year = {2005}
}

@article{Kubiatowicz2000,
author = {Kubiatowicz, John and Bindel, David and Chen, Yan},
journal = {ACM SIGPLAN Notices},
number = {11},
volume = {35},
title = "Oceanstore: An architecture for global-scale persistent storage",
url = {http://dl.acm.org/citation.cfm?id=356989.357007},
year = {2000}
}

@article{Litwin2011,
address = {New York, New York, USA},
author = {Litwin, Witold and Jajodia, Sushil and Schwarz, Thomas},
doi = {10.1145/2046556.2046580},
isbn = {9781450310024},
journal = {Proceedings of the 10th annual ACM workshop on Privacy in the electronic society},
pages = {171},
publisher = {ACM Press},
title = "Privacy of data outsourced to a cloud for selected readers through client-side encryption",
url = {http://dl.acm.org/citation.cfm?doid=2046556.2046580},
year = {2011}
}

@article{Sweikata2009,
address = {New York, New York, USA},
author = {Sweikata, Michael and Watson, Gary and Frank, Charles and Christensen, Chris and Hu, Yi},
doi = {10.1145/1940976.1940988},
isbn = {9781605586618},
journal = {Proceedings of the 2009 Information Security Curriculum Development Conference},
pages = {55},
publisher = {ACM Press},
title = "The usability of end user cryptographic products",
url = {http://portal.acm.org/citation.cfm?doid=1940976.1940988},
year = {2009}
}

@techreport{Whitten1998,
author = {Whitten, Alma and Tygar, JD},
booktitle = {Carnegie Mellon University School of Computer Science,},
number = {102590},
title = {{Usability of security: A case study}},
url = {http://oai.dtic.mil/oai/oai?verb=getRecord\&metadataPrefix=html\&identifier=ADA361032},
year = {1998}
}

@article{Whitten1999,
author = {Whitten, A and Tygar, JD},
journal = {Proceedings of the 8th USENIX Security Symposium},
pages = {679--702},
title = {{Why Johnny can't encrypt: A usability evaluation of PGP 5.0}},
url = {http://www.usenix.org/events/sec99/full\_papers/whitten/whitten.ps},
year = {1999}
}

@article{Wilcox-O'Hearn2008,
author = {Wilcox-O'Hearn, Z and Warner, B},
isbn = {9781605582993},
journal = {Proceedings of the 4th ACM international workshop on Storage Security and Survivability},
title = "Tahoe: the least-authority filesystem",
url = {http://dl.acm.org/citation.cfm?id=1456474},
year = {2008}
}

@article{Smith2003,
author = {Smith, S.W.},
doi = {10.1109/MSECP.2003.1177003},
issn = {1540-7993},
journal = {Security \& Privacy, IEEE},
month = jan,
number = {1},
pages = {89--93},
title = {{Fairy dust, secrets, and the real world}},
url = {http://ieeexplore.ieee.org/lpdocs/epic03/wrapper.htm?arnumber=1177003 http://ieeexplore.ieee.org/xpls/abs\_all.jsp?arnumber=1177003},
volume = {1},
year = {2003}
}

@article{Koch2011,
author = {Koch, Werner and Brinkmann, Marcus},
journal = {kerckhoffs.g10code.com},
pages = {1--6},
title = {{STEED—Usable End-to-End Encryption}},
url = {https://kerckhoffs.g10code.com/www.g10code.de/docs/steed-usable-e2ee.pdf},
year = {2011}
}

@article{Li2013,
author = {Li, Yan and Dhotre, NS and Ohara, Yasuhiro and Kroeger, TM},
journal = {Proceedings of the 11th Conference on File and Storage Systems},
title = {{Horus: Fine-Grained Encryption-Based Security for Large-Scale Storage}},
url = {https://www.usenix.org/system/files/conference/fast13/fast13-final142.pdf},
year = {2013}
}

@article{Blaze1996,
author = {Blaze, M},
file = {:home/asayler/Documents/Mendeley/1996/Information Hiding/Blaze - Oblivious key escrow.pdf:pdf},
journal = {Information Hiding},
title = {{Oblivious key escrow}},
url = {http://link.springer.com/chapter/10.1007/3-540-61996-8\_50},
year = {1996}
}

@article{Camenisch2006,
author = {Camenisch, Jan and Sommer, Dieter and Zimmermann, R},
journal = {Security and Privacy},
title = {{A general certification framework with applications to privacy-enhancing certificate infrastructures}},
url = {http://link.springer.com/chapter/10.1007/0-387-33406-8\_3},
year = {2006}
}

@article{NIST2001,
author = {(NIST), National Institute of Standards and Technology},
journal = {Federal Information Processing Standards Publication},
title = {{Announcing the Advanced Encryption Standard (AES)}},
url = {http://scholar.google.com/scholar?hl=en\&btnG=Search\&q=intitle:Announcing+the+ADVANCED+ENCRYPTION+STANDARD+(+AES+)\#0},
year = {2001}
}

@techreport{Daemen1999,
author = {Daemen, Joan and Rijmen, Vincent},
file = {:home/asayler/Documents/Mendeley/1999/Unknown/Daemen, Rijmen - AES Proposal Rijndael.pdf:pdf},
isbn = {3540425802},
title = {{AES Proposal: Rijndael}},
year = {1999}
}

@article{Diffie1976,
author = {Diffie, Whitfield and Hellman, M},
journal = {Information Theory, IEEE Transactions on},
pages = {29--40},
title = {{New directions in cryptography}},
url = {http://ieeexplore.ieee.org/xpls/abs\_all.jsp?arnumber=1055638},
year = {1976}
}

@article{Rivest1978,
author = {Rivest, RL and Shamir, A and Adleman, L},
journal = {Communications of the ACM},
title = {{A method for obtaining digital signatures and public-key cryptosystems}},
url = {http://dl.acm.org/citation.cfm?id=359342},
year = {1978}
}

@techreport{Matsui2004,
author = {Matsui, A. and Nakajima, J. and Moriai, S.},
pages = {1--16},
title = {{RFC 3713: A Description of the Camellia Encryption Algorithm}},
url = {http://tools.ietf.org/pdf/rfc3713.pdf},
year = {2004}
}

@article{Schneier1998,
author = {Schneier, Bruce and Kelsey, John and Whiting, Doug},
journal = {NIST AES Finalist},
title = {{Twofish: A 128-bit block cipher}},
url = {http://www.thehackademy.net/madchat/crypto/hash-lib-algo/twofish/twofish.pdf},
year = {1998}
}

@techreport{Callas2007,
author = {Callas, J. and Donnerhacke, L. and Finney, H. and Shaw, D and Thayer, R},
pages = {1--91},
title = {{RFC 1880: OpenPGP Message Format}},
year = {2007}
}

@techreport{Freier2011,
author = {Freier, A. and Karlton, P. and Kocher, P.},
pages = {1--68},
title = {{RFC 6106: The Secure Socket Layer (SSL) Protocol - Version 3.0}},
year = {2011}
}

@techreport{Dierks2008,
author = {Dierks, T. and Rescorla, E.},
pages = {1--105},
title = {{RFC 5246: The Transport Layer Security (TLS) Protocol - Version 1.2}},
year = {2008}
}

@inproceedings{Sandberg1985,
address = {Portland, OR},
author = {Sandberg, Russel and Goldberg, David and Kleiman, Steve and Walsh, Dan and Lyon, Bob},
booktitle = {Proceedings of the Summer 1985 USENIX Conference},
pages = {119--130},
title = {{Design and Implementation of the Sun Network Filesystem}},
url = {http://ece.ut.ac.ir/Classpages/S90/ECE404/nfs.pdf},
year = {1985}
}

@article{Dong2011,
author = {Dong, Yuan and Peng, Jinzhan and Wang, Dawei and Zhu, Haiyang and Chan, Sun C and Mesnier, Michael P},
doi = {10.1145/1945023.1945036},
issn = {01635980},
journal = {ACM SIGOPS Operating Systems Review},
pages = {101--111},
title = {{RFS – A Network File System for Mobile Devices and the Cloud}},
year = {2011}
}

@article{Jensen2000,
author = {Jensen, CD},
journal = {Proceedings of the 9th workshop on ACM SIGOPS},
pages = {73--78},
title = {{Cryptocache: a secure sharable file cache for roaming users}},
url = {http://dl.acm.org/citation.cfm?id=566726.566744},
year = {2000}
}

@article{Howard1988,
author = {Howard, John H. and Kazar, Michael L. and Menees, Sherri G. and Nichols, David A. and Satyanarayanan, M. and Sidebotham, Robert N. and West, Michael J.},
doi = {10.1145/35037.35059},
issn = {07342071},
journal = {ACM Transactions on Computer Systems (TOCS)},
month = feb,
number = {1},
pages = {51--81},
title = {{Scale and Performance in a Distributed File System}},
url = {http://portal.acm.org/citation.cfm?doid=35037.35059 http://dl.acm.org/citation.cfm?id=35059},
volume = {6},
year = {1988}
}

@article{Wulf1974,
author = {Wulf, W. and Cohen, E. and Corwin, W. and Jones, A. and Levin, R. and Pierson, C. and Pollack, F.},
doi = {10.1145/355616.364017},
issn = {00010782},
journal = {Communications of the ACM},
month = jun,
number = {6},
pages = {337--345},
title = {{HYDRA: The Kernel of a Multiprocessor Operating System}},
url = {http://portal.acm.org/citation.cfm?doid=355616.364017 http://scholar.google.com/scholar?hl=en\&btnG=Search\&q=intitle:HYDRA:+The+Kernel+of+a+Multiprocessor+Operating+System\#0},
volume = {17},
year = {1974}
}

@article{kerravala2002configuration,
  title={Configuration management delivers business resiliency},
  author={Kerravala, Zeus},
  journal={The Yankee Group},
  year={2002}
}

@book{norman2002design,
  title={The design of everyday things},
  author={Norman, Donald A},
  year={2002},
  publisher={Basic books}
}

@article{Ibrahim2010,
author = {Ibrahim, Tarik and Furnell, SM},
journal = {Trust, Privacy and Security \ldots},
pages = {177--189},
title = {{Assessing the usability of end-user security software}},
url = {http://link.springer.com/chapter/10.1007/978-3-642-15152-1\_16},
year = {2010}
}

@article{Furnell2006,
author = {Furnell, Steven and Jusoh, Adila and Katsabas, Dimitris and Dowland, Paul},
journal = {Security and Privacy in \ldots},
title = {{Considering the usability of end-user security software}},
url = {http://link.springer.com/chapter/10.1007/0-387-33406-8\_26},
volume = {201},
year = {2006}
}

@inproceedings{Bishop1996,
author = {Bishop, Matt},
booktitle = {SHARE 86.0},
number = {916},
pages = {1--38},
title = {{Unix security: threats and solutions}},
url = {http://seclab.cs.ucdavis.edu/projects/vulnerabilities/scriv/1996-share86.pdf},
year = {1996}
}

@article{Casado2007,
author = {Casado, Mart\`{\i}n and Freedman, Michael J and Pettit, Justin and Luo, Jianying and McKeown, Nick and Shenker, Scott},
isbn = {9781595937131},
journal = {ACM SIGCOMM Computer Communication Review},
number = {4},
title = {{Ethane: Taking control of the enterprise}},
url = {http://klamath.stanford.edu/~nickm/papers/ethane-sigcomm07.pdf},
volume = {37},
year = {2007}
}


@inproceedings{Ghemawat2003,
author = {Ghemawat, Sanjay and Gobioff, Howard and Leung, S.T.},
booktitle = {ACM SIGOPS Operating Systems Review},
isbn = {1581137575},
number = {5},
pages = {29--43},
publisher = {ACM},
title = {{The Google File System}},
url = {http://dl.acm.org/citation.cfm?id=945450},
volume = {37},
year = {2003}
}
