@misc{amazon-hsm,
author = {Amazon},
title = "Cloud HSM",
howpublished = {\url{http://aws.amazon.com/cloudhsm/}}
}

@misc{amazon-s3,
author = {Amazon},
title = "Simple Storage Service",
howpublished = {\url{http://aws.amazon.com/s3/}}
}

@inproceedings{Anderson2001,
author = {Anderson, Ross},
booktitle = {Seventeenth Annual Computer Security Applications Conference},
doi = {10.1109/ACSAC.2001.991552},
isbn = {0-7695-1405-7},
pages = {358--365},
publisher = {IEEE Comput. Soc},
title = {{Why information security is hard - an economic perspective}},
url = {http://ieeexplore.ieee.org/lpdocs/epic03/wrapper.htm?arnumber=991552},
year = {2001}
}

@misc{apache,
author = {Apache Software Foundation, The},
title = "Apache HTTP Server Project",
howpublished = {\url{http://httpd.apache.org/}}
}

@inproceedings{Bessani2011,
author = {Bessani, Alysson and Correia, Miguel and Quaresma, Bruno and Andre, Fernando and Sousa, Paulo},
booktitle = {Proceedings of the sixth conference on Computer systems},
isbn = {9781450306348},
pages = {31--46},
title = {{DepSky: Dependable and secure storage in a cloud-of-clouds}},
url = {http://dl.acm.org/citation.cfm?id=1966449},
year = {2011}
}

@inproceedings{Bishop1996,
author = {Bishop, Matt},
booktitle = {SHARE 86.0},
number = {916},
pages = {1--38},
title = {{Unix security: threats and solutions}},
url = {http://seclab.cs.ucdavis.edu/projects/vulnerabilities/scriv/1996-share86.pdf},
year = {1996}
}

@incollection{Blaze1996,
address = {Berlin},
author = {Blaze, Matt},
booktitle = {Information Hiding},
editor = {Anderson, Ross},
publisher = {Springer},
title = {{Oblivious key escrow}},
url = {http://link.springer.com/chapter/10.1007/3-540-61996-8\_50},
year = {1996}
}

@article{brodkin-passman,
author = {Brodkin, Jon},
journal = {Ars Technica},
title = {The secret to online safety: Lies, random characters, and a password manager},
url = {http://arstechnica.com/information-technology/2013/06/the-secret-to-online-safety-lies-random-characters-and-a-password-manager/},
year = {2013}
}

@article{Calero2010,
author = {Calero, Jose M. Alcaraz and Edwards, Nigel and Kirschnick, Johannes and Wilcock, Lawrence and Wray, Mike},
doi = {10.1109/MSP.2010.194},
issn = {1540-7993},
journal = {IEEE Security \& Privacy Magazine},
month = nov,
number = {6},
pages = {48--55},
title = {{Toward a Multi-Tenancy Authorization System for Cloud Services}},
url = {http://ieeexplore.ieee.org/lpdocs/epic03/wrapper.htm?arnumber=5655242},
volume = {8},
year = {2010}
}

@techreport{Callas2007,
author = {Callas, J. and Donnerhacke, L. and Finney, H. and Shaw, D. and Thayer, R.},
pages = {1--91},
title = {{RFC 1880: OpenPGP Message Format}},
url = {http://tools.ietf.org/html/rfc1880},
year = {2007}
}

@article{Camenisch2006,
author = {Camenisch, Jan and Gross, Thomas and Sommer, Dieter},
journal = {Security and Privacy},
pages = {25--37},
title = {{A general certification framework with applications to privacy-enhancing certificate infrastructures}},
url = {http://link.springer.com/chapter/10.1007/0-387-33406-8\_3},
volume = {201},
year = {2006}
}

@misc{captcha,
author = {Carnegie Mellon},
title = "CAPTCHA",
howpublished = {\url{http://www.captcha.net/}}
}

@article{Casado2007,
author = {Casado, Mart\`{\i}n and Freedman, Michael J and Pettit, Justin and Luo, Jianying and McKeown, Nick and Shenker, Scott},
isbn = {9781595937131},
journal = {ACM SIGCOMM Computer Communication Review},
number = {4},
title = {{Ethane: Taking control of the enterprise}},
url = {http://klamath.stanford.edu/~nickm/papers/ethane-sigcomm07.pdf},
volume = {37},
year = {2007}
}

@misc{Cassandra,
author = {Apache Software Foundation, The},
title = "Cassandra",
howpublished = {\url{http://cassandra.apache.org/}}
}

@techreport{Cebula2010,
author = {Cebula, James L. and Young, Lisa R.},
number = {December},
title = {{A taxonomy of operational cyber security risks}},
url = {http://oai.dtic.mil/oai/oai?verb=getRecord\&metadataPrefix=html\&identifier=ADA537111},
year = {2010}
}

@misc{chef,
author = {Opscode},
title = "Chef",
howpublished = {\url{http://www.opscode.com/chef/}}
}

@misc{cloudkeep,
author = {Rackspace},
title = "Cloud Keep",
howpublished = {\url{https://github.com/cloudkeep}}
}

@misc{cloudkeep-presentation,
author = {Raim, Jarret and Tesauro, Matt},
title = "Cloud Keep: OpenStack key management as a Service",
howpublished = {\url{https://www.openstack.org/summit/portland-2013/session-videos/presentation/cloud-keep-openstack-key-management-as-a-service}}
}

@misc{cumulus4j,
author = {NightLabs Consulting GmbH},
title = "Cumulus4j",
howpublished = {\url{http://www.cumulus4j.org/}}
}

@misc{curl,
author = {Stenberg, Daniel},
title = "curl",
howpublished = {\url{http://curl.haxx.se/}}
}

@techreport{Daemen1999,
author = {Daemen, Joan and Rijmen, Vincent},
isbn = {3540425802},
title = {{AES Proposal: Rijndael}},
year = {1999}
}

@article{Denning1996,
author = {Denning, Dorothy E. and Branstad, Dennis K.},
journal = {Communications of the ACM},
number = {3},
pages = {34--40},
title = {{A Taxonomy for Key Escrow Encryption Systems}},
volume = {39},
year = {1996}
}

@techreport{Dierks2008,
author = {Dierks, T. and Rescorla, E.},
pages = {1--105},
title = {{RFC 5246: The Transport Layer Security (TLS) Protocol - Version 1.2}},
url = {http://tools.ietf.org/html/rfc5246},
year = {2008}
}

@article{Diffie1976,
author = {Diffie, Whitfield and Hellman, Martin E.},
journal = {IEEE Transactions on Information Theory},
number = {6},
pages = {29--40},
title = {{New directions in cryptography}},
url = {http://ieeexplore.ieee.org/xpls/abs\_all.jsp?arnumber=1055638},
volume = {22},
year = {1976}
}

@misc{dm-crypt,
author = {Broz, Milan},
title = "dm-crypt",
howpublished = {\url{https://code.google.com/p/cryptsetup/wiki/DMCrypt}}
}

@article{Dong2011,
author = {Dong, Yuan and Peng, Jinzhan and Wang, Dawei and Zhu, Haiyang and Chan, Sun C. and Mesnier, Michael P.},
doi = {10.1145/1945023.1945036},
issn = {01635980},
journal = {ACM SIGOPS Operating Systems Review},
number = {1},
pages = {101--111},
title = {{RFS: a network file system for mobile devices and the cloud}},
url = {http://dl.acm.org/citation.cfm?id=1945036},
volume = {45},
year = {2011}
}

@misc{dropbox,
author = {Dropbox Inc.},
title = "Dropbox",
howpublished = {\url{https://www.dropbox.com/}}
}

@misc{eCryptfs,
author = {Halcrow, Michael},
title = "eCryptfs",
howpublished = {\url{http://ecryptfs.org/}}
}

@misc{enigmail,
author = {Enigmail Project, The},
title = "Enigmail",
howpublished = {\url{https://www.enigmail.net}}
}

@article{fips140,
author = {(NIST), National Institute of Standards \& Technology},
journal = {Federal Information Processing Standards Publication},
title = {{FIPS 140-2: Security Requirements for Cryptographic Modules}},
url = {http://csrc.nist.gov/publications/fips/fips140-2/fips1402.pdf},
year = {2001}
}

@article{Firesmith2005,
author = {Firesmith, Donald G.},
doi = {10.1.1.66.6934},
journal = {International Workshop on High Assurance Systems},
title = {{A taxonomy of security-related requirements}},
url = {http://citeseerx.ist.psu.edu/viewdoc/download?doi=10.1.1.66.6934\&rep=rep1\&type=pdf},
year = {2005}
}

@incollection{Flowerday2006,
address = {Boston},
author = {Flowerday, Stephen and Solms, Rossouw Von},
booktitle = {Security and Privacy in Dynamic Environments},
doi = {10.1007/0-387-33406-8},
editor = {Fischer-H\"{u}bner, Simone and Rannenberg, Kai and Yngstr\"{o}m, Louise and Lindskog, Stefan},
isbn = {0-387-33405-X},
pages = {87--98},
publisher = {Kluwer Academic Publishers},
series = {IFIP International Federation for Information Processing},
title = {{Trust: An Element of Information Security}},
url = {http://link.springer.com/chapter/10.1007/0-387-33406-8\_8},
volume = {201},
year = {2006}
}

@techreport{Freier2011,
author = {Freier, A. and Karlton, P. and Kocher, P.},
pages = {1--68},
title = {{RFC 6106: The Secure Socket Layer (SSL) Protocol - Version 3.0}},
url = {http://tools.ietf.org/html/rfc6106},
year = {2011}
}

@incollection{Furnell2006,
address = {Boston},
author = {Furnell, Steven and Jusoh, Adila and Katsabas, Dimitris and Dowland, Paul},
booktitle = {Security and Privacy in Dynamic Environments},
doi = {10.1007/0-387-33406-8},
editor = {Fischer-H\"{u}bner, Simone and Rannenberg, Kai and Yngstr\"{o}m, Louise and Lindskog, Stefan},
isbn = {0-387-33405-X},
pages = {307--316},
publisher = {Kluwer Academic Publishers},
series = {IFIP International Federation for Information Processing},
title = {{Considering the Usability of End-User Security Software}},
url = {http://link.springer.com/chapter/10.1007/0-387-33406-8\_26},
volume = {201},
year = {2006}
}

@article{Furnell2006a,
author = {Furnell, S. M. and Jusoh, A. and Katsabas, D.},
doi = {10.1016/j.cose.2005.12.004},
issn = {01674048},
journal = {Computers \& Security},
month = feb,
number = {1},
pages = {27--35},
title = {{The challenges of understanding and using security: A survey of end-users}},
url = {http://linkinghub.elsevier.com/retrieve/pii/S0167404805002038},
volume = {25},
year = {2006}
}

@article{Furnell2010,
author = {Furnell, Steven},
doi = {10.1016/S1353-4858(10)70147-1},
issn = {13534858},
journal = {Network Security},
month = dec,
number = {12},
pages = {13--17},
publisher = {Elsevier Ltd},
title = {{Usability versus complexity â€“ striking the balance in end-user security}},
url = {http://linkinghub.elsevier.com/retrieve/pii/S1353485810701471},
year = {2010}
}

@misc{fuse,
author = {Szeredi, Miklos},
title = "FUSE: Filesystems in Userspace",
howpublished = {\url{http://fuse.sourceforge.net/}}
}

@misc{gazzang,
author = {Gazzang},
title = "zTrustee",
howpublished = {\url{http://www.gazzang.com/products/ztrustee}}
}

@inproceedings{Geambasu2011,
address = {New York, New York, USA},
author = {Geambasu, Roxana and John, John P. and Gribble, Steven D. and Kohno, Tadayoshi and Levy, Henry M.},
booktitle = {Proceedings of the sixth conference on Computer systems - EuroSys '11},
doi = {10.1145/1966445.1966447},
isbn = {9781450306348},
pages = {1--16},
publisher = {ACM Press},
title = {{Keypad: an auditing file system for theft-prone devices}},
url = {http://dl.acm.org/ft\_gateway.cfm?id=1966447\&type=pdf},
year = {2011}
}

@article{Ghemawat2003,
author = {Ghemawat, Sanjay and Gobioff, Howard and Leung, Shun-Tak},
doi = {10.1145/1165389.945450},
isbn = {1581137575},
issn = {01635980},
journal = {ACM SIGOPS Operating Systems Review},
month = dec,
number = {5},
pages = {29--43},
publisher = {ACM},
title = {{The Google file system}},
url = {http://dl.acm.org/citation.cfm?id=945450},
volume = {37},
year = {2003}
}

@misc{gnupg,
author = {Koch, Werner and GNU Project, The},
title = "GnuPG",
howpublished = {\url{http://www.gnupg.org/}}
}

@article{goodin-bible,
author = {Goodin, Dan},
journal = {Ars Technica},
title = {How the Bible and YouTube are fueling the next frontier of password cracking},
url = {http://arstechnica.com/security/2013/10/how-the-bible-and-youtube-are-fueling-the-next-frontier-of-password-cracking/},
year = {2013}
}

@article{goodin-passwords,
author = {Goodin, Dan},
journal = {Ars Technica},
title = {Why passwords have never been weaker, and crackers have never been stronger},
url = {http://arstechnica.com/security/2012/08/passwords-under-assault/},
year = {2012}
}

@misc{google-auth,
author = {Google},
title = "Authenticator",
howpublished = {\url{https://code.google.com/p/google-authenticator/}}
}

@misc{google-drive,
author = {Google},
title = "Drive",
howpublished = {\url{http://www.google.com/drive/about.html}}
}

@article{green-challenge,
author = {Green, Matthew},
journal = {The New Yorker},
title = {The Daunting Challenge of Secure E-mail},
url = {http://www.newyorker.com/online/blogs/elements/2013/11/the-daunting-challenge-of-secure-e-mail.html},
year = {2013}
}

@article{GreenwaldPrism,
author = {Greenwald, Glenn and MacAskill, Ewen},
journal = {The Guardian},
title = {NSA Prism program taps in to user data of Apple, Google, and others},
url = {http://www.theguardian.com/world/2013/jun/06/us-tech-giants-nsa-data},
year = {2013}
}

@inproceedings{Halcrow,
address = {Ottawa},
author = {Halcrow, Michael Austin},
booktitle = {Ottawa Linux Symposium},
organization = {International Business Machines, Inc},
pages = {201--218},
title = {{eCryptfs : An Enterprise-class Cryptographic Filesystem for Linux}},
year = {2005}
}

@inproceedings{Heninger2012,
author = {Heninger, Nadia and Durumeric, Zakir and Wustrow, Eric and Halderman, Alex J.},
booktitle = {Proceedings of the 21st USENIX Security Symposium},
title = {{Mining your Ps and Qs: Detection of widespread weak keys in network devices}},
url = {https://www.usenix.org/system/files/conference/usenixsecurity12/sec12-final228.pdf},
year = {2012}
}

@article{Howard1988,
author = {Howard, John H. and Kazar, Michael L. and Menees, Sherri G. and Nichols, David A. and Satyanarayanan, M. and Sidebotham, Robert N. and West, Michael J.},
doi = {10.1145/35037.35059},
issn = {07342071},
journal = {ACM Transactions on Computer Systems},
month = feb,
number = {1},
pages = {51--81},
title = {{Scale and performance in a distributed file system}},
url = {http://portal.acm.org/citation.cfm?doid=35037.35059},
volume = {6},
year = {1988}
}

@inproceedings{Hulsebosch2005,
address = {New York, New York, USA},
author = {Hulsebosch, R. J. and Salden, A. H. and Bargh, M. S. and Ebben, P. W. G. and Reitsma, J.},
booktitle = {Proceedings of the tenth ACM symposium on Access control models and technologies},
doi = {10.1145/1063979.1064000},
isbn = {1595930450},
pages = {111},
publisher = {ACM Press},
title = {{Context sensitive access control}},
url = {http://dl.acm.org/citation.cfm?id=1064000},
year = {2005}
}

@misc{ibm-restful,
author = {IBM},
title = "RESTful Web services: The basics",
howpublished = {\url{http://www.ibm.com/developerworks/webservices/library/ws-restful/}}
}

@article{Ibrahim2010,
address = {Berlin, Heidelberg},
author = {Ibrahim, Tarik and Furnell, Steven M. and Papadaki, Marira and Clark, Nathan L.},
doi = {10.1007/978-3-642-15152-1},
editor = {Katsikas, Sokratis and Lopez, Javier and Soriano, Miguel},
isbn = {978-3-642-15151-4},
journal = {Trust, Privacy and Security in Digital Business},
pages = {177--189},
publisher = {Springer Berlin Heidelberg},
series = {Lecture Notes in Computer Science},
title = {{Assessing the Usability of End-User Security Software}},
url = {http://link.springer.com/chapter/10.1007/978-3-642-15152-1\_16},
volume = {6264},
year = {2010}
}

@misc{icloud,
author = {Apple},
title = "iCloud",
howpublished = {\url{http://www.apple.com/icloud/}}
}

@inproceedings{Jensen2000,
address = {New York, New York, USA},
author = {Jensen, Christian D.},
booktitle = {Proceedings of the 9th ACM SIGOPS European Workshop},
doi = {10.1145/566726.566744},
isbn = {1234567890},
pages = {73},
publisher = {ACM Press},
title = {{CryptoCache: a secure sharable file cache for roaming users}},
url = {http://dl.acm.org/citation.cfm?id=566726.566744},
year = {2000}
}

@misc{json,
author = {Crockford, Douglas},
title = "Introducing JSON",
howpublished = {\url{http://www.json.org/}}
}

@misc{json-c,
author = {Haszlakiewicz, Eric},
title = "json-c",
howpublished = {\url{https://github.com/json-c/json-c/wiki}}
}

@inproceedings{Kallahalla2003,
author = {Kallahalla, Mahesh and Riedel, Erik and Swaminathan, Ram and Wang, Qian and Fu, Kevin},
booktitle = {Proceedings of the 2nd USENIX Conference on File and Storage Technologies},
pages = {29--42},
title = {{Plutus: Scalable secure file sharing on untrusted storage}},
url = {https://www.usenix.org/legacyurl/plutus-scalable-secure-file-sharing-untrusted-storage},
year = {2003}
}

@article{kerravala2002configuration,
title={Configuration management delivers business resiliency},
author={Kerravala, Zeus},
journal={The Yankee Group},
year={2002}
}

@inproceedings{Kher2005,
address = {New York, New York, USA},
author = {Kher, Vishal and Kim, Yongdae},
booktitle = {Proceedings of the 2005 ACM workshop on Storage security and survivability},
doi = {10.1145/1103780.1103783},
isbn = {159593233X},
pages = {9},
publisher = {ACM Press},
title = {{Securing distributed storage: challenges, techniques, and systems}},
url = {http://dl.acm.org/citation.cfm?id=1103783},
year = {2005}
}

@techreport{Koch2011,
author = {Koch, Werner and Brinkmann, Marcus},
booktitle = {kerckhoffs.g10code.com},
pages = {1--6},
title = {{STEED - Usable End-to-End Encryption}},
url = {https://kerckhoffs.g10code.com/www.g10code.de/docs/steed-usable-e2ee.pdf},
year = {2011}
}

@inproceedings{Kohl1994,
author = {Kohl, John T. and Neuman, B. Clifford and Ts'o, Theodore Y.},
booktitle = {European Conference Proceedings},
title = {{The evolution of the Kerberos authentication service}},
url = {http://citeseerx.ist.psu.edu/viewdoc/download?doi=10.1.1.120.944\&rep=rep1\&type=pdf},
year = {1991}
}

@incollection{Krawczyk1993,
address = {Berlin, Heidelberg},
author = {Krawczyk, Hugo},
booktitle = {Advances in Cryptology-CRYPTO'93},
doi = {10.1007/3-540-48329-2},
editor = {Stinson, Douglas R.},
isbn = {978-3-540-57766-9},
month = jul,
pages = {136--146},
publisher = {Springer Berlin Heidelberg},
series = {Lecture Notes in Computer Science},
title = {{Secret Sharing Made Short}},
url = {http://link.springer.com/chapter/10.1007/3-540-48329-2\_12},
volume = {773},
year = {1994}
}

@article{krebs-passwords,
author = {Krebs, Brian},
journal = {Krebs on Security},
title = {Safeguarding Your Passwords},
url = {http://voices.washingtonpost.com/securityfix/2008/01/safeguarding_your_passwords_1.html},
year = {2008}
}

@article{Kubiatowicz2000,
author = {Kubiatowicz, John and Bindel, David and Chen, Yan and Czerwinski, Steven and Eaton, Patrick and Geels, Dennis and Gummadi, Ramakrishna and Rhea, Sean and Weatherspoon, Hakim and Weimer, Westley and Wells, Chris and Zhao, Ben},
journal = {ACM SIGPLAN Notices},
number = {11},
pages = {190--201},
title = {{Oceanstore: An architecture for global-scale persistent storage}},
url = {http://dl.acm.org/citation.cfm?id=356989.357007},
volume = {35},
year = {2000}
}

@misc{lastpass,
author = {LastPass},
title = "LastPass",
howpublished = {\url{https://lastpass.com/}}
}

@techreport{Leach2005,
author = {Leach, P. and Mealling, M. and Salz, R.},
pages = {1--32},
title = {{RFC 4122: A universally Unique IDentifier (UUID) URN Namespace}},
url = {http://www.ietf.org/rfc/rfc4122.txt},
year = {2005}
}

@inproceedings{Leandro2012,
author = {Leandro, Marcos A. P. and Nascimento, Tiago J. and dos Santos, Daniel R. and Westphall, Carla M. and Westphall, Carlos B.},
booktitle = {The Eleventh International Conference on Networks},
isbn = {9781612081830},
pages = {88--93},
title = {{Multi-tenancy authorization system with federated identity for cloud-based environments using shibboleth}},
url = {http://www.thinkmind.org/index.php?view=article\&articleid=icn\_2012\_5\_10\_10065},
year = {2012}
}

@inproceedings{Li2013,
author = {Li, Yan and Dhotre, Nakul Sanjay and Ohara, Yasuhiro and Kroeger, Thomas M. and Miller, Ethan L. and Long, Darrell D. E.},
booktitle = {Proceedings of the 11th Conference on File and Storage Systems},
title = {{Horus: Fine-Grained Encryption-Based Security for Large-Scale Storage}},
url = {https://www.usenix.org/system/files/conference/fast13/fast13-final142.pdf},
year = {2013}
}

@misc{linux-pam,
author = {Linux-PAM Team, The},
title = "Linux PAM",
howpublished = {\url{http://www.linux-pam.org/}}
}

@misc{linux-vfs,
author = {Johnson, Michael K.},
title = "A tour of the Linux VFS",
year = {1996},
howpublished = {\url{http://www.tldp.org/LDP/khg/HyperNews/get/fs/vfstour.html}}
}

@inproceedings{Litwin2011,
address = {New York, New York, USA},
author = {Litwin, Witold and Jajodia, Sushil and Schwarz, Thomas},
booktitle = {Proceedings of the 10th annual ACM workshop on Privacy in the electronic society},
doi = {10.1145/2046556.2046580},
isbn = {9781450310024},
pages = {171},
publisher = {ACM Press},
title = {{Privacy of data outsourced to a cloud for selected readers through client-side encryption}},
url = {http://dl.acm.org/citation.cfm?doid=2046556.2046580},
year = {2011}
}

@misc{luks,
author = {Fruhwirth, Clemens},
title = "LUKS",
howpublished = {\url{https://code.google.com/p/cryptsetup/}}
}

@article{Mahajan2011,
author = {Mahajan, Prince and Setty, Srinath and Lee, Sangmin and Clement, Allen and Alvisi, Lorenzo and Dahlin, Mike and Walfish, Michael},
doi = {10.1145/2063509.2063512},
issn = {07342071},
journal = {ACM Transactions on Computer Systems},
month = dec,
number = {4},
pages = {1--38},
title = {{Depot: Cloud Storage with Minimal Trust}},
url = {http://dl.acm.org/citation.cfm?id=2063512},
volume = {29},
year = {2011}
}

@misc{mailpile,
author = {Einarsson, Bjarni and McCarth, Smair and Novak, Brennan},
title = "mailpile",
howpublished = {\url{http://www.mailpile.is}}
}

@techreport{Matsui2004,
author = {Matsui, A. and Nakajima, J. and Moriai, S.},
pages = {1--16},
title = {{RFC 3713: A Description of the Camellia Encryption Algorithm}},
url = {http://tools.ietf.org/pdf/rfc3713.pdf},
year = {2004}
}

@techreport{Mazurek2013,
author = {Mazurek, Michelle L. and Komanduri, Saranga and Vidas, Timothy and Bauer, Lujo and Christin, Nicolas and Cranor, Lorrie Faith and Kelley, Patrick Gage and Shay, Richard and Ur, Blase},
title = {{Measuring Password Guessability for an Entire University}},
year = {2013}
}

@incollection{Menezes1996,
author = {Menezes, A. and van Oorschot, P. and Vanstone, S.},
booktitle = {Handbook of Applied Cryptography},
pages = {1--48},
title = {{Overview of Cryptography}},
year = {1996}
}

@techreport{MITMediaLab2012,
author = {{MIT Media Lab}},
institution = {Human Dynamics, MIT Media Lab},
title = {{OpenPDS Software}},
url = {http://idcubed.org/open-platform/openpds-project/},
year = {2012}
}

@misc{mongodb,
author = {MongoDB Inc.},
title = "mongoDB",
howpublished = {\url{http://www.mongodb.org/}}
}

@book{nelson1972computer,
title = {Computer Lib / Dream machines},
author = {Nelson, Ted},
year = {1974},
publisher = {Self published}
}

@article{Neuman1994,
author = {Neuman, B. Clifford and Ts'o, Theodore},
title = {Kerberos: An Authentication Service for Computer Networks},
journal = {IEEE Communications Magazine},
volume = {32},
number = {9},
year = {1994},
pages = {33--38}
}

@article{NIST2001,
author = {(NIST), National Institute of Standards \& Technology},
journal = {Federal Information Processing Standards Publication},
title = {{Announcing the Advanced Encryption Standard (AES)}},
url = {http://scholar.google.com/scholar?hl=en\&btnG=Search\&q=intitle:Announcing+the+ADVANCED+ENCRYPTION+STANDARD+(+AES+)\#0},
year = {2001}
}

@book{norman2002design,
title={The design of everyday things},
author={Norman, Donald A},
year={2002},
publisher={Basic books}
}

@misc{oauth,
author = {OAuth Team, The},
title = "OAuth",
howpublished = {\url{http://oauth.net/}}
}

@misc{onepassword,
author = {AgileBits},
title = "1Password",
howpublished = {\url{https://agilebits.com/onepassword}}
}

@misc{openid,
author = {OpenID Foundation, The},
title = "OpenID",
howpublished = {\url{http://openid.net/}}
}

@misc{openpam,
author = {Dag-Erling Smorgrav},
title = "OpenPAM",
howpublished = {\url{http://www.openpam.org/}}
}

@misc{openpgp,
author = {OpenPGP Alliance, The},
title = "OpenPGP",
howpublished = {\url{http://www.openpgp.org/}}
}

@misc{openssh,
author = {OpenBSD Team, The},
title = "OpenSSH",
howpublished = {\url{http://www.openssh.com/}}
}

@misc{openssl,
author = {OpenSSL Project, The},
title = "OpenSSL",
howpublished = {\url{http://www.openssl.org/}}
}

@article{Peacock2004,
author = {Peacock, Alen and Ke, Xian and Wilkerson, Matthew},
doi = {10.1109/MSP.2004.89},
issn = {1540-7993},
journal = {IEEE Security \& Privacy Magazine},
month = sep,
number = {5},
pages = {40--47},
title = {{Typing patterns: a key to user identification}},
url = {http://ieeexplore.ieee.org/lpdocs/epic03/wrapper.htm?arnumber=1341408},
volume = {2},
year = {2004}
}

@misc{pep-wsgi,
author = {Eby, P. J.},
title = "PEP 3333: Python Web Server Gateway Interface",
howpublished = {\url{http://www.python.org/dev/peps/pep-3333/}}
}

@misc{persona,
author = {Mozilla},
title = "Persona",
howpublished = {\url{https://developer.mozilla.org/en-US/Persona}}
}

@misc{pgp,
author = {Symantic},
title = "PGP",
howpublished = {\url{http://www.symantec.com/encryption}}
}

@inproceedings{Popa2011,
author = {Popa, Raluca Ada and Redfield, Catherine M. S. and Zeldovich, Nickolai and Balakrishnan, Hari},
booktitle = {Proceedings of the Twenty-Third ACM Symposium on Operating Systems Principles},
isbn = {9781450309776},
pages = {85--100},
title = {{CryptDB: protecting confidentiality with encrypted query processing}},
url = {http://dl.acm.org/citation.cfm?id=2043566},
year = {2011}
}

@misc{puppet,
author = {Puppet Labs},
title = "Puppet",
howpublished = {\url{http://puppetlabs.com/}}
}

@misc{python-flask,
author = {Ronacher, Armin},
title = "Flask: web development one drop at a time",
howpublished = {\url{http://flask.pocoo.org/}}
}

@misc{python-requests,
author = {Reitz, Kenneth},
title = "Requests: HTTP for Humans",
howpublished = {\url{http://www.python-requests.org/}}
}

@misc{python-shelve,
author = {Python Software Foundation},
title = "shelve - python object persistence",
howpublished = {\url{http://docs.python.org/2/library/shelve.html}}
}

@inproceedings{Resch2011,
author = {Resch, Jason K. and Plank, James S.},
booktitle = {9th USENIX Conference on File and Storage Technologies},
title = {{AONT-RS: Blending Security and Performance in Dispersed Storage Systems}},
year = {2011}
}

@article{Rivest1978,
author = {Rivest, R. L. and Shamir, A. and Adleman, L.},
doi = {10.1145/359340.359342},
journal = {Communications of the ACM},
number = {2},
pages = {120--126},
title = {{A method for obtaining digital signatures and public-key cryptosystems}},
url = {http://dl.acm.org/citation.cfm?id=359342},
volume = {21},
year = {1978}
}

@article{Rowstron2001,
author = {Rowstron, Antony and Druschel, Peter},
doi = {10.1145/502059.502053},
issn = {01635980},
journal = {ACM SIGOPS Operating Systems Review},
month = dec,
number = {5},
pages = {188},
publisher = {ACM},
title = {{Storage management and caching in PAST, a large-scale, persistent peer-to-peer storage utility}},
url = {http://dl.acm.org/citation.cfm?id=502053},
volume = {35},
year = {2001}
}

@misc{salt,
author = {Saltstack},
title = "Salt",
howpublished = {\url{http://www.saltstack.com/}}
}

@misc{saml,
author = {OASIS},
title = "SAML",
howpublished = {\url{https://www.oasis-open.org/committees/tc_home.php?wg_abbrev=security}}
}

@inproceedings{Sandberg1985,
address = {Portland, OR},
author = {Sandberg, Russel and Goldberg, David and Kleiman, Steve and Walsh, Dan and Lyon, Bob},
booktitle = {Proceedings of the Summer 1985 USENIX Conference},
pages = {119--130},
title = {{Design and Implementation of the Sun Network Filesystem}},
url = {http://ece.ut.ac.ir/Classpages/S90/ECE404/nfs.pdf},
year = {1985}
}

@misc{sasl,
author = {Carnegie Mellon},
title = "SASL",
howpublished = {\url{http://asg.web.cmu.edu/sasl/}}
}

@misc{sayler-os-encfs,
author = {Sayler, Andy and Ahn, Junho and Han, Richard},
title = "OS Programming Assignment: An Encrypted Filesystem",
howpublished = {\url{https://github.com/asayler/CU-CS3753-PA5}}
}

@article{schneier-passwords,
author = {Schneier, Bruce},
journal = {Schneier on Security},
title = {Password Advice},
url = {https://www.schneier.com/blog/archives/2009/08/password_advice.html},
year = {2009}
}

@book{schneier1996applied,
title = {Applied Cryptography},
author = {Schneier, Bruce},
year = {1996},
publisher = {John Wiley \& Sons}
}

@techreport{Schneier1998,
author = {Schneier, Bruce and Kelsey, John and Whiting, Doug and Wagner, David and Hall, Chris},
title = {{Twofish: A 128-bit block cipher}},
url = {http://www.thehackademy.net/madchat/crypto/hash-lib-algo/twofish/twofish.pdf},
year = {1998}
}

@book{schneier2000secrets,
title = {Secrets and Lies},
author = {Schneier, Bruce},
year = {2000},
publisher = {John Wiley \& Sons}
}

@article{Shamir1979,
author = {Shamir, Adi},
doi = {10.1145/359168.359176},
issn = {00010782},
journal = {Communications of the ACM},
month = nov,
number = {11},
pages = {612--613},
title = {{How to share a secret}},
url = {http://portal.acm.org/citation.cfm?doid=359168.359176},
volume = {22},
year = {1979}
}

@misc{shibboleth,
author = {Shibboleth Consortium, The},
title = "Shibboleth",
howpublished = {\url{http://shibboleth.net/}}
}

@article{Singer2013,
author = {Singer, Abe and Anderson, Warren and Farrow, Rik},
journal = {;login},
number = {4},
title = {{Rethinking Password Policies (Uncut)}},
url = {https://www.usenix.org/sites/default/files/rethinking\_password\_policies\_unabridged.pdf},
volume = {38},
year = {2013}
}

@techreport{sinit-taxonomy,
author =  {SINET Exchange},
pages = {1--14},
title = {{Security Taxonomy Definitions}},
year = {2012}
}

@article{Smith2003,
author = {Smith, S. W.},
doi = {10.1109/MSECP.2003.1177003},
issn = {1540-7993},
journal = {Security \& Privacy, IEEE},
month = jan,
number = {1},
pages = {89--93},
title = {{Fairy dust, secrets, and the real world}},
url = {http://ieeexplore.ieee.org/lpdocs/epic03/wrapper.htm?arnumber=1177003},
volume = {1},
year = {2003}
}

@inproceedings{Sweikata2009,
address = {New York, New York, USA},
author = {Sweikata, Michael and Watson, Gary and Frank, Charles and Christensen, Chris and Hu, Yi},
booktitle = {2009 Information Security Curriculum Development Conference},
doi = {10.1145/1940976.1940988},
isbn = {9781605586618},
pages = {55},
publisher = {ACM Press},
title = {{The usability of end user cryptographic products}},
url = {http://portal.acm.org/citation.cfm?doid=1940976.1940988},
year = {2009}
}

@techreport{Whitten1998,
author = {Whitten, Alma and Tygar, J. D.},
number = {102590},
title = {{Usability of security: A case study}},
url = {http://oai.dtic.mil/oai/oai?verb=getRecord\&metadataPrefix=html\&identifier=ADA361032},
year = {1998}
}

@inproceedings{Whitten1999,
author = {Whitten, Alma and Tygar, J. D.},
booktitle = {Proceedings of the 8th USENIX Security Symposium},
pages = {679--702},
title = {{Why Johnny can't encrypt: A usability evaluation of PGP 5.0}},
url = {http://www.usenix.org/events/sec99/full\_papers/whitten/whitten.ps},
year = {1999}
}

@inproceedings{Wilcox-O'Hearn2008,
address = {New York, New York, USA},
author = {Wilcox-O'Hearn, Zooko and Warner, Brian},
booktitle = {Proceedings of the 4th ACM international workshop on Storage security and survivability},
doi = {10.1145/1456469.1456474},
isbn = {9781605582993},
pages = {21--26},
publisher = {ACM Press},
title = {{Tahoe: the least-authority filesystem}},
url = {http://dl.acm.org/citation.cfm?id=1456474},
year = {2008}
}

@article{Wulf1974,
author = {Wulf, W. and Cohen, E. and Corwin, W. and Jones, A. and Levin, R. and Pierson, C. and Pollack, F.},
doi = {10.1145/355616.364017},
issn = {00010782},
journal = {Communications of the ACM},
month = jun,
number = {6},
pages = {337--345},
title = {{HYDRA: The Kernel of a Multiprocessor Operating System}},
url = {http://portal.acm.org/citation.cfm?doid=355616.364017},
volume = {17},
year = {1974}
}

@misc{yubikey,
author = {Yubico},
title = "YubiKey Standard",
howpublished = {\url{http://www.yubico.com/products/yubikey-hardware/yubikey/}}
}
