@Comment{Websites and Projects}

@misc{amazon-s3,
title = "Amazon S3",
howpublished = {\url{http://aws.amazon.com/s3/}}
}

@misc{cumulus4j,
title = "Cumulus4j",
howpublished = {\url{http://www.cumulus4j.org/}}
}

@misc{dm-crypt,
title = "dm-crypt",
howpublished = {\url{https://code.google.com/p/cryptsetup/wiki/DMCrypt}}
}

@misc{dropbox,
title = "Dropbox",
howpublished = {\url{https://www.dropbox.com/}}
}

@misc{gnupg,
title = "GnuPG",
howpublished = {\url{http://www.gnupg.org/}}
}

@misc{lastpass,
title = "LastPass",
howpublished = {\url{https://lastpass.com/}}
}

@misc{linux-pam,
title = "Linux PAM",
howpublished = {\url{http://www.linux-pam.org/}}
}

@misc{luks,
title = "LUKS",
howpublished = {\url{https://code.google.com/p/cryptsetup/}}
}

@misc{onepassword,
title = "1Password",
howpublished = {\url{https://agilebits.com/onepassword}}
}

@misc{openpgp,
title = "OpenPGP",
howpublished = {\url{http://www.openpgp.org/}}
}

@misc{sayler-os-encfs,
author = {Sayler, Andy and Ahn, Junho and Han, Richard},
title = "OS Programming Assignment: An Encrypted Filesystem",
howpublished = {\url{https://github.com/asayler/CU-CS3753-PA5}}
}

@Comment{Publications}

@article{Geambasu2011,
author = {Geambasu, Roxana and John, JP and Gribble, SD},
isbn = {9781450306348},
journal = {Proceedings of the sixth conference on Computer systems},
pages = {1--15},
title = {Keypad: an auditing file system for theft-prone devices},
url = {http://dl.acm.org/ft\_gateway.cfm?id=1966447\&type=pdf},
year = {2011}
}

@techreport{Halcrow,
author = {Halcrow, Michael Austin},
booktitle = {International Business},
institution = {International Business Machines},
title = "eCryptfs: An Enterprise-class Cryptographic Filesystem for Linux"
}

@article{Hulsebosch2005,
author = {Hulsebosch, RJ and Salden, AH},
isbn = {1595930450},
journal = {Proceedings of the 10th ACM Symposium on Access Control Models and Technologies},
pages = {111--119},
title = "Context sensitive access control",
url = {http://dl.acm.org/citation.cfm?id=1064000},
year = {2005}
}

@article{Kallahalla2003,
author = {Kallahalla, M and Riedel, E},
journal = {Proceedings of the 2nd USENIX Conference on File and Storage Technologies},
pages = {29--42},
title = {{Plutus: Scalable secure file sharing on untrusted storage}},
url = {https://www.usenix.org/legacyurl/plutus-scalable-secure-file-sharing-untrusted-storage},
year = {2003}
}

@article{Kher2005,
author = {Kher, Vishal and Kim, Yongdae},
journal = {Proceedings of the 2005 ACM workshop on Storage security and survivability},
pages = {9--25},
title = "Securing distributed storage: Challenges, techniques, and systems",
url = {http://dl.acm.org/citation.cfm?id=1103783},
year = {2005}
}

@article{Kubiatowicz2000,
author = {Kubiatowicz, John and Bindel, David and Chen, Yan},
journal = {ACM SIGPLAN Notices},
number = {11},
volume = {35},
title = "Oceanstore: An architecture for global-scale persistent storage",
url = {http://dl.acm.org/citation.cfm?id=356989.357007},
year = {2000}
}

@article{Litwin2011,
address = {New York, New York, USA},
author = {Litwin, Witold and Jajodia, Sushil and Schwarz, Thomas},
doi = {10.1145/2046556.2046580},
isbn = {9781450310024},
journal = {Proceedings of the 10th annual ACM workshop on Privacy in the electronic society},
pages = {171},
publisher = {ACM Press},
title = "Privacy of data outsourced to a cloud for selected readers through client-side encryption",
url = {http://dl.acm.org/citation.cfm?doid=2046556.2046580},
year = {2011}
}

@article{Sweikata2009,
address = {New York, New York, USA},
author = {Sweikata, Michael and Watson, Gary and Frank, Charles and Christensen, Chris and Hu, Yi},
doi = {10.1145/1940976.1940988},
isbn = {9781605586618},
journal = {Proceedings of the 2009 Information Security Curriculum Development Conference},
pages = {55},
publisher = {ACM Press},
title = "The usability of end user cryptographic products",
url = {http://portal.acm.org/citation.cfm?doid=1940976.1940988},
year = {2009}
}

@article{Whitten1999,
author = {Whitten, A and Tygar, JD},
journal = {Proceedings of the 8th USENIX Security Symposium},
pages = {679--702},
title = "Why Johnny can't encrypt: A usability evaluation of PGP 5.0",
url = {http://www.usenix.org/events/sec99/full\_papers/whitten/whitten.ps},
year = {1999}
}

@article{Wilcox-O'Hearn2008,
author = {Wilcox-O'Hearn, Z and Warner, B},
isbn = {9781605582993},
journal = {Proceedings of the 4th ACM international workshop on Storage Security and Survivability},
title = "Tahoe: the least-authority filesystem",
url = {http://dl.acm.org/citation.cfm?id=1456474},
year = {2008}
}
